@Article{abrusci:noncommutative:1990,
  author     = {V. Michele Abrusci},
  journal    = {Mathematical Logic Quarterly},
  title      = {Non-commutative Intuitionistic Linear Logic},
  year       = {1990},
  number     = {4},
  pages      = {297--318},
  volume     = {36},
  doi        = {10.1002/malq.19900360405},
  xxxjournal = {Math. Log. Quart.},
}

@Article{girard:constructive:91,
  author     = {Jean-Yves Girard},
  journal    = {Mathematical Structures in Computer Science},
  title      = {A New Constructive Logic: Classical Logic},
  year       = {1991},
  number     = {3},
  pages      = {255--296},
  volume     = {1},
  doi        = {10.1017/s0960129500001328},
  xxxjournal = {Math. Struct. Comput. Sci.},
}

@Article{lambek:mathematics:58,
  author     = {Joachim Lambek},
  journal    = {American Mathematical Monthly},
  title      = {The Mathematics of Sentence Structure},
  year       = {1958},
  number     = {3},
  pages      = {154--170},
  volume     = {65},
  doi        = {10.2307/2310058},
  xxxjournal = {Amer. Math. Monthly},
}


@Article{zeilberger:semiassociative:19,
  author     = {Noam Zeilberger},
  journal    = {Logical Methods in Computer Science},
  title      = {A Sequent Calculus for a Semi-Associative Law},
  year       = {2019},
  number     = {1},
  volume     = {15},
  doi        = {10.23638/lmcs-15(1:9)2019},
  eid        = {9},
  xxxjournal = {Log. Methods Comput. Sci.},
}

 
@Book{moot:categorial:2012,
  author    = {Moot, Richard and Retor{\'e}, Christian},
  publisher = {Springer Berlin},
  title     = {The Logic of Categorial Grammars: A Deductive Account of Natural Language Syntax and Semantics},
  year      = {2012},
  address   = {Heidelberg},
  isbn      = {9783642315558},
  doi       = {10.1007/978-3-642-31555-8},
  issn      = {1611-3349},
  journal   = {Lecture Notes in Computer Science},
}

 
@InCollection{ono:proof:nonclassical:1998,
  author    = {Ono, Hiroakira},
  booktitle = {Theories of Types and Proofs},
  title     = {Proof-Theoretic Methods in Nonclassical Logic --an Introduction},
  year      = {1998},
  pages     = {207--254},
  doi       = {10.2969/msjmemoirs/00201c060},
  issn      = {2189-1494},
  publisher = {Mathematical Society of Japan}
}

 
@Article{craig:interpolation:1957,
  author    = {Craig, William},
  journal   = {Journal of Symbolic Logic},
  title     = {Three uses of the {H}erbrand-{G}entzen theorem in relating model theory and proof theory},
  year      = {1957},
  issn      = {1943-5886},
  number    = {3},
  pages     = {269--285},
  volume    = {22},
  doi       = {10.2307/2963594},
  publisher = {Cambridge University Press (CUP)},
}

@Article{rosenthal:relational:monoids:1997,
  author   = {Rosenthal, Kimmo},
  journal  = {Cahiers de Topologie et G{\'e}om{\'e}trie Diff{\'e}rentielle Cat{\'e}goriques},
  title    = {Relational monoids, multirelations, and quantalic recognizers},
  year     = {1997},
  issn     = {0008-0004},
  number   = {2},
  pages    = {161--171},
  volume   = {38},
  keywords = {18B10,03D05,68Q42,68Q45},
  language = {English},
  zbl      = {0877.18001},
  zbmath   = {1036407},
}

 
@Article{moortgat:multimodl:1996,
  author    = {Moortgat, Michael},
  journal   = {Journal of Logic, Language and Information},
  title     = {Multimodal linguistic inference},
  year      = {1996},
  issn      = {1572-9583},
  number    = {3–4},
  pages     = {349--385},
  volume    = {5},
  doi       = {10.1007/bf00159344},
  publisher = {Springer Science and Business Media LLC},
}

@Article{galatos:2013,
  author   = {Galatos, Nikolaos and Jipsen, Peter},
  journal  = {Transactions of the American Mathematical Society},
  title    = {Residuated frames with applications to decidability},
  year     = {2013},
  issn     = {0002-9947},
  number   = {3},
  pages    = {1219--1249},
  volume   = {365},
  doi      = {10.1090/S0002-9947-2012-05573-5},
  keywords = {03G25,03B25,03B47,03F05,06B20,06F05},
  language = {English},
  zbl      = {1285.03077},
  zbmath   = {6154667},
}

@Misc{moortgat:tamari:20,
  author       = {Michael Moortgat},
  howpublished = {Talk at 16th Workshop on Computational Logic and Applications, CLA 2020},
  note         = {Slides available at: \url{http://cla.tcs.uj.edu.pl/history/2020/pdfs/CLA_slides_Moortgat.pdf}},
  title        = {The {T}amari order for $D^3$ and derivability in semi-associative {L}ambek-{G}rishin {C}alculus},
  year         = {2020},
}

@Article{girard:linear:87,
  author  = {Jean-Yves Girard},
  journal = {Theoretical Computer Science},
  title   = {Linear Logic},
  year    = {1987},
  pages   = {1--102},
  volume  = {50},
  doi     = {10.1016/0304-3975(87)90045-4},
}

 
@InBook{buszkowski:2009,
  author    = {Buszkowski, Wojciech and Farulewski, Maciej},
  pages     = {45--58},
  publisher = {Springer Berlin Heidelberg},
  title     = {Nonassociative Lambek Calculus with Additives and Context-Free Languages},
  year      = {2009},
  isbn      = {9783642017483},
  booktitle = {Lecture Notes in Computer Science},
  doi       = {10.1007/978-3-642-01748-3_4},
  issn      = {1611-3349},
}

 
@Article{buszkowski:2010,
  author    = {Buszkowski, Wojciech},
  journal   = {Logic Journal of IGPL},
  title     = {Interpolation and {FEP} for logics of residuated algebras},
  year      = {2010},
  issn      = {1368-9894},
  number    = {3},
  pages     = {437--454},
  volume    = {19},
  doi       = {10.1093/jigpal/jzp094},
  publisher = {Oxford University Press (OUP)},
}

 
@Article{alizadeh:2014,
  author    = {{A}lizadeh, {M}ajid and {D}erakhshan, {F}arzaneh and {O}no, {H}iroakira},
  journal   = {The Review of Symbolic Logic},
  title     = {{U}niform Interpolation in Substructural Logics},
  year      = {2014},
  issn      = {1755-0211},
  number    = {3},
  pages     = {455--483},
  volume    = {7},
  doi       = {10.1017/s175502031400015x},
  publisher = {Cambridge University Press (CUP)},
}

@Article{Pentus1997,
  author    = {Mati Pentus},
  journal   = {Journal of Symbolic Logic},
  title     = {Product-Free {L}ambek Calculus and Context-Free Grammars},
  year      = {1997},
  number    = {2},
  pages     = {648--660},
  volume    = {62},
  bibsource = {dblp computer science bibliography, https://dblp.org},
  biburl    = {https://dblp.org/rec/journals/jsyml/Pentus97.bib},
  doi       = {10.2307/2275553},
}

@Article{Kanazawa2006,
  author    = {Makoto Kanazawa},
  journal   = {Annals of Pure and Applied Logic},
  title     = {Computing Interpolants in Implicational Logics},
  year      = {2006},
  number    = {1-3},
  pages     = {125--201},
  volume    = {142},
  bibsource = {dblp computer science bibliography, https://dblp.org},
  biburl    = {https://dblp.org/rec/journals/apal/Kanazawa06.bib},
  doi       = {10.1016/J.APAL.2005.12.014},
}

@Article{wronski1984,
  author  = {Wronski, Andrej},
  journal = {Mathematica Japonica},
  title   = {Interpolation and Amalgamation Properties of {$BCK$}-Algebras},
  year    = {1984},
  pages   = {115--121},
  volume  = {29},
}

 
@Article{Henzinger2004,
  author    = {Henzinger, Thomas A. and Jhala, Ranjit and Majumdar, Rupak and McMillan, Kenneth L.},
  journal   = {ACM SIGPLAN Notices},
  title     = {Abstractions from proofs},
  year      = {2004},
  issn      = {1558-1160},
  number    = {1},
  pages     = {232--244},
  volume    = {39},
  doi       = {10.1145/982962.964021},
  publisher = {Association for Computing Machinery (ACM)},
}

 
@Article{Beth1953,
  author    = {Beth, Evert W},
  journal   = {Indagationes Mathematicae (Proceedings)},
  title     = {On {P}adoa’s Method in the Theory of Definition},
  year      = {1953},
  issn      = {1385-7258},
  pages     = {330--339},
  volume    = {56},
  doi       = {10.1016/s1385-7258(53)50042-3},
  publisher = {Elsevier BV},
}

 
@Article{Kihara2009,
  author    = {Kihara, H. and Ono, H.},
  journal   = {Journal of Logic and Computation},
  title     = {Interpolation Properties, {B}eth Definability Properties and Amalgamation Properties for Substructural Logics},
  year      = {2009},
  issn      = {1465-363X},
  number    = {4},
  pages     = {823--875},
  volume    = {20},
  doi       = {10.1093/logcom/exn084},
  publisher = {Oxford University Press (OUP)},
}

 
@Article{Cubric1994,
  author    = {{\v{C}}ubri{\'c}, Djordje},
  journal   = {Archive for Mathematical Logic},
  title     = {Interpolation property for bicartesian closed categories},
  year      = {1994},
  issn      = {1432-0665},
  number    = {4},
  pages     = {291--319},
  volume    = {33},
  doi       = {10.1007/bf01270628},
  publisher = {Springer Science and Business Media LLC},
}

@PhdThesis{roorda1991,
  author = {Roorda, Dirk},
  school = {FWI, Universiteit van Amsterdam},
  title  = {Resource Logics: proof-theoretical investigations},
  year   = {1991},
  note   = {Available at \url{https://pure.knaw.nl/ws/portalfiles/portal/1821261/Roorda_1991_Resource_Logics_Proof_theoretical_Investigations.pdf}},
}

@Article{Fussner2024,
  author    = {Fussner, Wesley and Santschi, Simon},
  journal   = {ACM Transactions on Computational Logic},
  title     = {Interpolation in Linear Logic and Related Systems},
  year      = {2024},
  issn      = {1557-945X},
  number    = {4},
  pages     = {1--19},
  volume    = {25},
  doi       = {10.1145/3680284},
  publisher = {Association for Computing Machinery (ACM)},
}

@inproceedings{Lambek1961,
  title={On the Calculus of Syntactic Types},
  author={Joachim Lambek},
  year={1961},
  editor={Roman Jakobson},
  booktitle={Structure of Language and Its Mathematical Aspects},
  pages={166--178},
  publisher={AMS},
  address={Providence},
  doi={10.1090/psapm/012}
}

 
@Article{Tabatabai2025,
  author    = {Tabatabai, Amirhossein Akbar and Jalali, Raheleh},
  journal   = {Annals of Pure and Applied Logic},
  title     = {Universal proof theory: Semi-analytic rules and Craig interpolation},
  year      = {2025},
  issn      = {0168-0072},
  number    = {1},
  pages     = {103509},
  volume    = {176},
  doi       = {10.1016/j.apal.2024.103509},
  publisher = {Elsevier BV},
}

@Article{anoun2004proof,
  author  = {Anoun, Houda and Cast{\'e}ran, Pierre and Moot, Richard},
  journal = {Rapport technique, Notes pour le cours d'ESSLLI, Nancy},
  title   = {Proof automation for type-logical grammars},
  year    = {2004},
  note    = {{L}ink to the code on GitHub \url{https://github.com/rocq-archive/lambek}},
}

@Article{tian2017formalized,
  author  = {Tian, Chun},
  journal = {arXiv preprint arXiv:1705.07318},
  title   = {Formalized Lambek calculus in higher order logic {HOL}4},
  year    = {2017},
  note    = {{L}ink to the code on GitHub \url{https://github.com/binghe/informatica-public/tree/master/lambek}},
}

@Article{VW2025,
  author  = {Niccol{\`o} Veltri and Cheng-Syuan Wan},
  journal = {{S}tudia {L}ogica},
  title   = {Craig interpolation for a semi-substructural logic},
  year    = {to appear},
  note    = {manuscript available at \url{https://cswphilo.github.io/papers/skInterpolation.pdf}},
}

@Article{ridge:2006,
  author  = {Ridge, Tom},
  journal = {arXiv preprint arXiv:cs/0607058},
  title   = {Craig's Interpolation Theorem formalised and mechanised in {I}sabelle/{HOL}},
  year    = {2006},
  doi     = {10.48550/arXiv.cs/0607058}
}

@inproceedings{ChapmanMU08,
  author       = {Peter Chapman and
                  James McKinna and
                  Christian Urban},
  editor       = {Serge Autexier and
                  John A. Campbell and
                  Julio Rubio and
                  Volker Sorge and
                  Masakazu Suzuki and
                  Freek Wiedijk},
  title        = {Mechanising a Proof of {C}raig's Interpolation Theorem for Intuitionistic
                  Logic in Nominal Isabelle},
  booktitle    = {Proc. of the 9th Int. Conf. on Intelligent Computer Mathematics {CICM}'08},
  series       = {Lecture Notes in Computer Science},
  volume       = {5144},
  pages        = {38--52},
  publisher    = {Springer},
  year         = {2008},
  doi          = {10.1007/978-3-540-85110-3\_5}
}

@inproceedings{michealis:2017,
  author       = {Julius Michaelis and
                  Tobias Nipkow},
  editor       = {Andreas Abel and
                  Fredrik Nordvall Forsberg and
                  Ambrus Kaposi},
  title        = {Formalized Proof Systems for Propositional Logic},
  booktitle    = {Proc .of the 23rd Int. Conf. on Types for Proofs and Programs, {TYPES}'17},
  series       = {LIPIcs},
  volume       = {104},
  pages        = {5:1--5:16},
  publisher    = {Schloss Dagstuhl - Leibniz-Zentrum f{\"{u}}r Informatik},
  year         = {2017},
  doi          = {10.4230/LIPICS.TYPES.2017.5}
}

@inproceedings{feree:2023,
  author       = {Hugo F{\'{e}}r{\'{e}}e and
                  Sam van Gool},
  editor       = {Robbert Krebbers and
                  Dmitriy Traytel and
                  Brigitte Pientka and
                  Steve Zdancewic},
  title        = {Formalizing and Computing Propositional Quantifiers},
  booktitle    = {Proc. of the 12th {ACM} {SIGPLAN} Int. Conf. on
                  Certified Programs and Proofs, {CPP}'23},
  pages        = {148--158},
  publisher    = {{ACM}},
  year         = {2023},
  doi          = {10.1145/3573105.3575668}
}

@inproceedings{feree:24,
  author       = {Hugo F{\'{e}}r{\'{e}}e and
                  Iris van der Giessen and
                  Sam van Gool and
                  Ian Shillito},
  editor       = {Christoph Benzm{\"{u}}ller and
                  Marijn J. H. Heule and
                  Renate A. Schmidt},
  title        = {Mechanised Uniform Interpolation for Modal Logics {K}, {GL}, and {iSL}},
  booktitle    = {Proc. of the 12th Int. Conf. on Automated Reasoning, {IJCAR}'24},
  series       = {Lecture Notes in Computer Science},
  volume       = {14740},
  pages        = {43--60},
  publisher    = {Springer},
  year         = {2024},
  doi          = {10.1007/978-3-031-63501-4\_3}
}

@Article{lin:14,
  author  = {Zhe Lin},
  journal = {Logic Journal of IGPL},
  title   = {Non-associative {L}ambek calculus with modalities: interpolation, complexity and {FEP}},
  year    = {2014},
  number  = {3},
  pages   = {494--512},
  volume  = {22},
  doi     = {10.1093/JIGPAL/JZT042},
}

@article{jager:04,
  author       = {Gerhard J{\"{a}}ger},
  title        = {Residuation, Structural Rules and Context Freeness},
  journal      = {J. Log. Lang. Inf.},
  volume       = {13},
  number       = {1},
  pages        = {47--59},
  year         = {2004},
  doi          = {10.1023/A:1026175817625}
}

@PhdThesis{vcubric1993results,
  author = {{\v{C}}ubri{\'c}, Djordje},
  school = {McGill University},
  title  = {Results in categorical proof theory},
  year   = {1993},
  note   = {\url{https://escholarship.mcgill.ca/concern/theses/pv63g1818}},
}

@Article{buszkowski1986generative,
  author  = {Buszkowski, Wojciech},
  journal = {Bulletin of the Polish Academy of Sciences. Mathematics},
  title   = {Generative capacity of nonassociative {L}ambek calculus},
  year    = {1986},
  number  = {7-8},
  pages   = {507--516},
  volume  = {34},
}

@Article{kandulski1988equivalence,
  author  = {Kandulski, Maciej},
  journal = {Zeitschrift fur mathematische Logik und Grundlagen der Mathematik},
  title   = {The equivalence of Nonassociative {L}ambek Categorial Grammars and Context-Free Grammars},
  year    = {1988},
  number  = {1},
  volume  = {34},
}

@InProceedings{Saurin2024,
  author    = {Alexi Saurin},
  booktitle = {Proc. of 10th Int. Conf. on Formal Structures for Computation and Deduction (FSCD'25)},
  title     = {Interpolation as Cut-Introduction: On the Computational Content of {C}raig-{L}yndon Interpolation},
  year      = {to appear},
  editor    = {M. Fernandez},
  note      = {Manuscript available at \url{https://www.irif.fr/_media/users/saurin/pub/interpolation_as_cut_introduction.pdf}},
  publisher    = {Schloss Dagstuhl - Leibniz-Zentrum f{\"{u}}r Informatik},
  series    = {LIPIcs}
}

@Article{maehara1961,
  author     = {{M}aehara, {S}hoji},
  journal    = {S{\^u}gaku},
  title      = {Craig's interpolation theorem},
  year       = {1961},
  number     = {4},
  pages      = {235-237},
  volume     = {12},
  bdsk-url-1 = {https://doi.org/10.11429/sugaku1947.12.235},
  doi        = {10.11429/sugaku1947.12.235},
}

@InProceedings{kokke2017formalising,
  author    = {Kokke, Pepijn},
  booktitle = {Extended abstracts of the ESSLLI 2015 workshop TYTLES: Types Theory and Lexical Semantics},
  title     = {Formalising type-logical grammars in {A}gda},
  year      = {2015},
  note      = {{L}ink to the code on GitHub \url{https://github.com/wenkokke/msla2014/blob/b880cf25ed8e81b9a965ea9aad18377008d68a9f/src/LambekGrishinCalculus.agda}, extended abstract available at \url{https://www.lirmm.fr/tytles/Articles/Kokke.pdf}},
  pages     = {83--90},
}

@Comment{jabref-meta: databaseType:bibtex;}
